@article{chavez2016, 
author = "Chavez, A.", 
title = "Cura contra el desamor infalible", 
publisher = "nobody", 
year = 2005, 
} 